 @book{Kaipo:2005,
  title     = {Statistical and Computational Inverse Problems},
  author    = {Jari Kaipio and E. Somersalo},
  year      = 2005,
  publisher = {Springer Science + Business Media},
  address   = {Verlag New York},
  isbn = {978-0-387-27132-3},
  volume = {160}
  }
	
@book{Gilks:1996,
booktitle = {Markov chain Monte Carlo in practice},
author = {Gilks, W. R. and Richarson, S. and Spiegelhalter, D. J.},
edition = {1st ed.},
address = {London},
isbn = {0412055511},
keywords = {Markov processes},
language = {eng},
publisher = {Chapman and Hall},
series = {Interdisciplinary statistics},
title = {Markov chain Monte Carlo in practice },
year = {1996},
pages = {1-19}
}

@book{Fish:2007,
booktitle = {A first course in finite elements},
author = {Fish, J. (Jacob)},
address = {Chichester},
isbn = {9780470035801},
keywords = {Finite element method},
language = {eng},
lccn = {2007298648},
publisher = {John Wiley},
title = {A first course in finite elements },
year = {2007}
}

@article{Westhuyzen:2020,
author = {van der Westhuyzen, S. and Walls, R. and de Koker, N.},
doi = {10.17159/2309-8775/2020/V62N1A4},
issn = {23098775},
journal = {Journal of the South African Institution of Civil Engineering},
keywords = {Charring rates,Cross-laminated timber (CLT),Delamination,Structural fire engineering},
number = {1},
pages = {33--41},
title = {{Fire tests of south african cross-laminated timber wall panels: Fire ratings, charring rates, and delamination}},
volume = {62},
year = {2020}
}